@article{shafiq2021corrAUC,
  author={Shafiq, M. and Tian, Z. and Bashir, A. K. and Du, X. and Guizani, M.},
  journal={IEEE Internet of Things Journal}, 
  title={CorrAUC: A Malicious Bot-IoT Traffic Detection Method in IoT Network Using Machine-Learning Techniques}, 
  year={2021},
  volume={8},
  number={5},
  pages={3242-3254},
  doi={10.1109/JIOT.2020.3002255}
}

@article{salman2022iot,
  author={Salman, Ola and others},
  title={A machine learning based framework for IoT device identification and abnormal traffic detection},
  journal={Transactions on Emerging Telecommunications Technologies},
  volume={33},
  number={3},
  year={2022},
  pages={e3743},
  publisher={Wiley},
  doi={10.1002/ett.3743}
}
